@Article{[1],
  author =       "Lyon, P.",
  title =        "{Of what is "minimal cognition" the half-baked version?}", 
  journal =      "Adaptive Behavior",
  pages =        "1-18",
  year =         "2019"
} 

@Article{[2],
  author =       "Levins, R.",
  title =        "{Strategies of abstraction}", 
  journal =      "Biology and Philosophy",
  number =       "21",
  pages =        "741-755",
  year =         "2006"
} 

@Article{[3],
  author =       "Feig, M. and Sugita, Y.",
  title =        "{Reaching New Levels of Realism in Modeling Biological Macromolecules in Cellular Environments}", 
  journal =      "Journal of Molecular Graphics and Modeling",
  number =       "45",
  pages =        "144-156",
  year =         "2013"
} 

@Article{[4],
  author =       "Fan, X. and Markram, H.",
  title =        "{A Brief History of Simulation Neuroscience}", 
  journal =      "Frontiers in Neuroinformatics",
  volume =       "13",
  number =       "10",
  pages =        "32",
  year =         "2019"
} 

@Article{[5],
  author =       "Dvoretskii, S. and Gong, Z. and Gupta, A. and Parent, J. and Alicea, B.",
  title =        "{Braitenberg Vehicles as Developmental Neurosimulation}", 
  journal =      "arXiv",
  number =       "2003.07689",
  year =         "2020"
} 

@Book{[6],
  author =       "Braitenberg, V.",
  title =        "{Vehicles: Experiments in synthetic psychology}", 
  publisher =    "{MIT Press}",
  address =      "{Cambrdige, MA}",
  year =         "1984"
} 

@Article{[7],
  author =       "Munakata, Y. and McClelland, J.L.",
  title =        "{Connectionist models of development}", 
  journal =      "Developmental Science",
  volume =       "6",
  number =       "4",
  pages =        "413–429.",
  year =         "2003"
} 

@Article{[8],
  author =       "Egbert, M.D. and Barandiaran, X.E.",
  title =        "{Modeling habits as self-sustaining patterns of sensorimotor behavior}", 
  journal =      "Frontiers in Human Neuroscience",
  volume =       "8",
  pages =        "590",
  year =         "2014"
} 

@Article{[9],
  author =       "Alicea, B.",
  title =        "{Contextual Geometric Structures: modeling the fundamental components of cultural behavior}", 
  journal =      "Proceedings of Artificial Life",
  volume =       "13",
  pages =        "147-154",
  year =         "2012"
} 

@Article{[10],
  author =       "Zhang, M. and Ergin, V. and Lin, L. and Stork, C. and Chen, L. and Zheng, S.",
  title =        "{Axonogenesis Is Coordinated by Neuron-Specific Alternative Splicing Programming and Splicing Regulator PTBP2}", 
  journal =      "Neuron",
  volume =       "101",
  pages =        "690–706",
  year =         "2019"
} 

@Article{[11],
  author =       "Zador, A.M.",
  title =        "{A critique of pure learning and what artificial neural networks can learn from animal brains}", 
  journal =      "Nature Communications",
  volume =       "10",
  number =       "3770",
  year =         "2019"
} 

@Article{[12],
  author =       "Wermter, S. and Sun, R.",
  title =        "{An overview of hybrid neural systems}", 
  journal =      "International Workshop on Hybrid Neural Systems",
  pages =        "1-13.",
  year =         "1998"
} 

@Article{[13],
  author =       "Smolensky, P.",
  title =        "{On the proper treatment of connectionism}", 
  journal =      "Behavioral and Brain Sciences",
  volume =       "11",
  pages =        "1-74.",
  year =         "1988"
} 

@Article{[14],
  author =       "Smith, L.B.",
  title =        "{Cognition as a dynamic system: Principles from embodiment}",
  journal =      "Developmental Review",
  volume =       "25",
  number =       "3-4",
  pages =        "278-298.",
  year =         "2005"
} 

@Article{[15],
  author =       "Alicea, B.",
  title =        "{The Emergent Connectome in \textit{Caenorhabditis elegans} Embryogenesis}", 
  journal =      "BioSystems",
  volume =       "173",
  pages =        "247-255",
  year =         "2018"
} 

@Article{[16],
  author =       "Pathak, A. and Chatterjee, N. and Sinha, S.",
  title =        "{Developmental trajectory of \textit{Caenorhabditis elegans} nervous system governs its structural organization}", 
  journal =      "PLoS Computational Biology",
  volume =       "16",
  number =       "1",
  pages =        "e1007602",
  year =         "2020"
} 

@Article{[17],
  author =       "Antonelli, P.L. and Bradbury, R. and Krivan, V. and Shimada, H.",
  title =        "{A dynamical theory of heterochrony: Time-sequencing changes in ecology, development, and evolution}", 
  journal =      "Journal of Biological Systems",
  volume =       "1",
  number =       "4",
  pages =        "451-487",
  year =         "1993"
} 

@Article{[18],
  author =       "Richardson, M.K.",
  title =        "{Vertebrate evolution: The developmental origins of adult variation}", 
  journal =      "BioEssays",
  volume =       "21",
  pages =        "604–613",
  year =         "1999"
} 

@Article{[19],
  author =       "Bardini, R. and Politano, G. and Benso, A. and Di Carlo, S.",
  title =        "{Multi-level and hybrid modelling approaches for 
systems biology}", 
  journal =      "Computational and Structural Biotechnology Journal",
  volume =       "15",
  pages =        "396-402",
  year =         "2017"
} 

@Article{[20],
  author =       "Jiang, W. and Jiang, H. and Stein, B.E.",
  title =        "{Two Corticotectal Areas Facilitate Multisensory Orientation Behavior}", 
  journal =      "Journal of Cognitive Neuroscience",
  volume =       "14",
  number =       "8",
  pages =        "1240–1255",
  year =         "2002"
} 
